<?xml version="1.0" encoding="UTF-8" ?><marc:collection xmlns:marc="http://www.loc.gov/MARC21/slim" xmlns:xsi="http://www.w3.org/2001/XMLSchema-instance" xsi:schemaLocation="http://www.loc.gov/MARC21/slim http://www.loc.gov/standards/marcxml/schema/MARC21slim.xsd">
<marc:record><marc:leader>03000cam a2200385Ii 4500</marc:leader>
<marc:controlfield tag="001">b12287064</marc:controlfield>
<marc:controlfield tag="003">UaCaAUL</marc:controlfield><marc:controlfield tag="005">20180211020129.0</marc:controlfield><marc:controlfield tag="008">990617s1904    ua            000 0 ara d</marc:controlfield><marc:datafield tag="035" ind1=" " ind2=" "><marc:subfield code="a">(OCoLC)123004680</marc:subfield></marc:datafield><marc:datafield tag="040" ind1=" " ind2=" "><marc:subfield code="a">MH</marc:subfield><marc:subfield code="b">eng</marc:subfield><marc:subfield code="e">rda</marc:subfield><marc:subfield code="c">MEAUC</marc:subfield><marc:subfield code="d">OCLCG</marc:subfield><marc:subfield code="d">OCLCA</marc:subfield><marc:subfield code="d">OCLCF</marc:subfield><marc:subfield code="d">OCLCO</marc:subfield><marc:subfield code="d">OCLCQ</marc:subfield><marc:subfield code="d">OCLCO</marc:subfield><marc:subfield code="d">OCLCQ</marc:subfield><marc:subfield code="d">MEAUC</marc:subfield></marc:datafield><marc:datafield tag="049" ind1=" " ind2=" "><marc:subfield code="a">MAIN</marc:subfield></marc:datafield><marc:datafield tag="066" ind1=" " ind2=" "><marc:subfield code="c">(3</marc:subfield></marc:datafield><marc:datafield tag="090" ind1=" " ind2=" "><marc:subfield code="a">BP189.7.Q32</marc:subfield><marc:subfield code="b">A34 1904</marc:subfield></marc:datafield><marc:datafield tag="100" ind1="0" ind2=" "><marc:subfield code="6">880-01</marc:subfield><marc:subfield code="a">ʻAbd al-Qādir al-Jīlānī,</marc:subfield><marc:subfield code="d">-1166,</marc:subfield><marc:subfield code="e">author.</marc:subfield></marc:datafield><marc:datafield tag="240" ind1="1" ind2="0"><marc:subfield code="6">880-02</marc:subfield><marc:subfield code="a">Ghunyah li-ṭālibī ṭarīq al-ḥaqq.</marc:subfield></marc:datafield><marc:datafield tag="245" ind1="1" ind2="3"><marc:subfield code="6">880-03</marc:subfield><marc:subfield code="a">al-Juzʼ al-awwal min kitāb al-Ghunyah li-ṭālibī ṭarīq al-ḥaqq ʻazza wa-jall fī maʻrifat al-ādāb al-sharʻīyah wa-maʻrifat al-ṣāniʻ ʻazza wa-jall bi-al-Āyāt wa-al-ʻalāmāt thumma al-alfāẓ bi-al-Qurʼān wa-al-alfāẓ al-nabawīyah wa-maʻrifat akhlāq al-ṣāliḥīn /</marc:subfield><marc:subfield code="c">li-shaykh al-waqt wa-al-ṭarīqah wa-maʻdan al-sulūk wa-al-ḥaqīqah al-quṭb al-rabbānī sīdī ʻAbd al-Qādir al-Jīlānī, qaddasa Allāh sirrahu wa-afāḍ ʻalaynā wa-ʻalá al-muslimīn barakātuh wa-birrahu amīn.</marc:subfield></marc:datafield><marc:datafield tag="246" ind1="3" ind2="0"><marc:subfield code="6">880-04</marc:subfield><marc:subfield code="a">Kitāb al-Ghunyah li-ṭālibī ṭarīq al-ḥaqq ʻazza wa-jall.</marc:subfield></marc:datafield><marc:datafield tag="264" ind1=" " ind2="1"><marc:subfield code="6">880-05</marc:subfield><marc:subfield code="a">Miṣr :</marc:subfield><marc:subfield code="b">Ṭubiʻa fī Maṭbaʻat al-Mawsūʻāt bi-Shāriʻ Bāb al-Khalq bi-Miṣr,</marc:subfield><marc:subfield code="c">1322 H. [1904]</marc:subfield></marc:datafield><marc:datafield tag="300" ind1=" " ind2=" "><marc:subfield code="a">2 volumes in 1 ;</marc:subfield><marc:subfield code="c">22 cm.</marc:subfield></marc:datafield><marc:datafield tag="336" ind1=" " ind2=" "><marc:subfield code="a">text</marc:subfield><marc:subfield code="b">txt</marc:subfield><marc:subfield code="2">rdacontent.</marc:subfield></marc:datafield><marc:datafield tag="337" ind1=" " ind2=" "><marc:subfield code="a">unmediated</marc:subfield><marc:subfield code="b">n</marc:subfield><marc:subfield code="2">rdamedia.</marc:subfield></marc:datafield><marc:datafield tag="338" ind1=" " ind2=" "><marc:subfield code="a">volume</marc:subfield><marc:subfield code="b">nc</marc:subfield><marc:subfield code="2">rdacarrier.</marc:subfield></marc:datafield><marc:datafield tag="500" ind1=" " ind2=" "><marc:subfield code="6">880-06</marc:subfield><marc:subfield code="a">Ṭubiʻa ʻalá dhimmat al-sharīf mūlāy Aḥmad ibn sīdī ʻAbd al-Karīm al-Qādirī al-Ḥasanī alMaghribī al-Fāsī.</marc:subfield></marc:datafield><marc:datafield tag="650" ind1=" " ind2="0"><marc:subfield code="a">Sufism</marc:subfield><marc:subfield code="v">Early works to 1800.</marc:subfield></marc:datafield><marc:datafield tag="880" ind1="1" ind2="0"><marc:subfield code="6">240-02/(3/r</marc:subfield><marc:subfield code="a"> غنية لطالبي طريق الحق.</marc:subfield></marc:datafield><marc:datafield tag="880" ind1="0" ind2=" "><marc:subfield code="6">100-01/(3/r</marc:subfield><marc:subfield code="a">عبد القادر الجيلاني،‪</marc:subfield><marc:subfield code="d">- 1166.</marc:subfield></marc:datafield><marc:datafield tag="880" ind1="1" ind2="2"><marc:subfield code="6">245-03/(3/r</marc:subfield><marc:subfield code="a">الجزء الأول من كتاب الغنية لطالبي طريق الحق عز وجل في معرفة الآداب الشرعية ومعرفة الصانع عز وجل بالآيات والعلامات ثم الألفاظ بالقرآن والألفاظ النبوية ومعرفة أخلاق الصالحين /‪</marc:subfield><marc:subfield code="c">لشيخ الوقت والطريقة ومعدن السلوك والحقيقة القطب الرباني سيدي عبد القادر الجيلاني، قدس الله سره وأفاض علينا وعلى المسلمين بركاته وبره آمين..</marc:subfield></marc:datafield><marc:datafield tag="880" ind1="3" ind2="0"><marc:subfield code="6">246-04/(3/r</marc:subfield><marc:subfield code="a">كتاب الغنية لطالبي طريق الحق عز وجل.</marc:subfield></marc:datafield><marc:datafield tag="880" ind1=" " ind2="1"><marc:subfield code="6">264-05/(3/r</marc:subfield><marc:subfield code="a">مصر :‪</marc:subfield><marc:subfield code="b">طبع في مطبعة الموسوعات بشارع باب الخلق بمصر،‪</marc:subfield><marc:subfield code="c">1322 هـ. [1904]</marc:subfield></marc:datafield><marc:datafield tag="880" ind1=" " ind2=" "><marc:subfield code="6">500-06/(3/r</marc:subfield><marc:subfield code="a">&quot;طبع على ذمة الشريف مولاي أحمد بن سيدي عبد الكريم القادري الحسني المغربي الفاسي..</marc:subfield></marc:datafield><marc:datafield tag="907" ind1=" " ind2=" "><marc:subfield code="a">.b12287064</marc:subfield><marc:subfield code="b">main </marc:subfield></marc:datafield><marc:datafield tag="902" ind1=" " ind2=" "><marc:subfield code="a">181218</marc:subfield></marc:datafield><marc:datafield tag="998" ind1=" " ind2=" "><marc:subfield code="b">1</marc:subfield><marc:subfield code="c">990620</marc:subfield><marc:subfield code="d">m</marc:subfield><marc:subfield code="e">a</marc:subfield><marc:subfield code="f">-</marc:subfield><marc:subfield code="g">3</marc:subfield><marc:subfield code="k">MAH</marc:subfield></marc:datafield><marc:datafield tag="945" ind1=" " ind2=" "><marc:subfield code="l">main </marc:subfield></marc:datafield></marc:record>
</marc:collection>
